
@misc{135_myths_2023,
	title = {Myths and {Realities}: {Understanding} {Recent} {Trends} in {Violent} {Crime} {\textbar} {Brennan} {Center} for {Justice}},
	shorttitle = {Myths and {Realities}},
	url = {https://www.brennancenter.org/our-work/research-reports/myths-and-realities-understanding-recent-trends-violent-crime},
	language = {en},
	urldate = {2024-10-22},
	author = {Grawert, Ames and Kim, Noah},
	month = oct,
	year = {2023},
	file = {Snapshot:/Users/michaeltopper/Zotero/storage/FJ7BHQZ9/myths-and-realities-understanding-recent-trends-violent-crime.html:text/html},
}
