
@misc{inc_confidence_2022,
	title = {Confidence in {U}.{S}. {Institutions} {Down}; {Average} at {New} {Low}},
	url = {https://news.gallup.com/poll/394283/confidence-institutions-down-average-new-low.aspx},
	abstract = {Americans' confidence in most major U.S. institutions has fallen in the past year, and confidence collectively is at a new low in Gallup's trend.},
	language = {en},
	urldate = {2023-08-29},
	journal = {Gallup.com},
	author = {Inc, Gallup},
	month = jul,
	year = {2022},
	note = {Section: Politics},
	file = {Snapshot:/Users/michaeltopper/Zotero/storage/Z8QUDK29/confidence-institutions-down-average-new-low.html:text/html},
}
